
% Journals

% First the Full Name is given, then the abbreviation used in the AMS Math
% Reviews, with an indication if it could not be found there.
% Note the 2nd overwrites the 1st, so swap them if you want the full name.

 %{AMS}
 @String{AMSTrans = "American Mathematical Society Translations" }
 @String{AMSTrans = "Amer. Math. Soc. Transl." }
 @String{BullAMS = "Bulletin of the American Mathematical Society" }
 @String{BullAMS = "Bull. Amer. Math. Soc." }
 @String{ProcAMS = "Proceedings of the American Mathematical Society" }
 @String{ProcAMS = "Proc. Amer. Math. Soc." }
 @String{TransAMS = "Transactions of the American Mathematical Society" }
 @String{TransAMS = "Trans. Amer. Math. Soc." }

 %ACM
 @String{CACM = "Communications of the {ACM}" }
 @String{CACM = "Commun. {ACM}" }
 @String{CompServ = "Comput. Surveys" }
 @String{JACM = "J. ACM" }
 @String{ACMMathSoft = "{ACM} Transactions on Mathematical Software" }
 @String{ACMMathSoft = "{ACM} Trans. Math. Software" }
 @String{SIGNUM = "{ACM} {SIGNUM} Newsletter" }
 @String{SIGNUM = "{ACM} {SIGNUM} Newslett." }

 @String{AmerSocio = "American Journal of Sociology" }
 @String{AmerStatAssoc = "Journal of the American Statistical Association" }
 @String{AmerStatAssoc = "J. Amer. Statist. Assoc." }
 @String{ApplMathComp = "Applied Mathematics and Computation" }
 @String{ApplMathComp = "Appl. Math. Comput." }
 @String{AmerMathMonthly = "American Mathematical Monthly" }
 @String{AmerMathMonthly = "Amer. Math. Monthly" }
 @String{BIT = "{BIT}" }
 @String{BritStatPsych = "British Journal of Mathematical and Statistical
          Psychology" }
 @String{BritStatPsych = "Brit. J. Math. Statist. Psych." }
 @String{CanMathBull = "Canadian Mathematical Bulletin" }
 @String{CanMathBull = "Canad. Math. Bull." }
 @String{CompApplMath = "Journal of Computational and Applied Mathematics" }
 @String{CompApplMath = "J. Comput. Appl. Math." }
 @String{CompPhys = "Journal of Computational Physics" }
 @String{CompPhys = "J. Comput. Phys." }
 @String{CompStruct = "Computers and Structures" }
 @String{CompStruct = "Comput. \& Structures" }
 @String{CompJour = "The Computer Journal" }
 @String{CompJour = "Comput. J." }
 @String{CompSysSci = "Journal of Computer and System Sciences" }
 @String{CompSysSci = "J. Comput. System Sci." }
 @String{Computing = "Computing" }
 @String{ContempMath = "Contemporary Mathematics" }
 @String{ContempMath = "Contemp. Math." }
 @String{Crelle = "Crelle's Journal" }
 @String{GiornaleMath = "Giornale di Mathematiche" }
 @String{GiornaleMath = "Giorn. Mat." } % didn't find in AMS MR., ibid.

 %IEEE
 @String{Computer = "{IEEE} Computer" }
 @String{IEEETransComp = "{IEEE} Transactions on Computers" }
 @String{IEEETransComp = "{IEEE} Trans. Comput." }
 @String{IEEETransAC = "{IEEE} Transactions on Automatic Control" }
 @String{IEEETransAC = "{IEEE} Trans. Automat. Control" }
 @String{IEEESpec = "{IEEE} Spectrum" } % didn't find in AMS MR
 @String{ProcIEEE = "Proceedings of the {IEEE}" }
 @String{ProcIEEE = "Proc. {IEEE}" } % didn't find in AMS MR
 @String{IEEETransAeroElec = "{IEEE} Transactions on Aerospace and Electronic
     Systems" }
 @String{IEEETransAeroElec = "{IEEE} Trans. Aerospace Electron. Systems" }

 @String{IMANumerAna = "{IMA} Journal of Numerical Analysis" }
 @String{IMANumerAna = "{IMA} J. Numer. Anal." }
 @String{InfProcLet = "Information Processing Letters" }
 @String{InfProcLet = "Inform. Process. Lett." }
 @String{InstMathApp = "Journal of the Institute of Mathematics and
     its Applications" }
 @String{InstMathApp = "J. Inst. Math. Appl." }
 @String{IntControl = "International Journal of Control" }
 @String{IntControl = "Internat. J. Control" }
 @String{IntNumerEng = "International Journal for Numerical Methods in
     Engineering" }
 @String{IntNumerEng = "Internat. J. Numer. Methods Engrg." }
 @String{IntSuper = "International Journal of Supercomputing Applications" }
 @String{IntSuper = "Internat. J. Supercomputing Applic." } % 
5
 didn't find
%% in AMS MR
 @String{Kibernetika = "Kibernetika" }
 @String{JResNatBurStand = "Journal of Research of the National Bureau
     of Standards" }
 @String{JResNatBurStand = "J. Res. Nat. Bur. Standards" }
 @String{LinAlgApp = "Linear Algebra and its Applications" }
 @String{LinAlgApp = "Linear Algebra Appl." }
 @String{MathAnaAppl = "Journal of Mathematical Analysis and Applications" }
 @String{MathAnaAppl = "J. Math. Anal. Appl." }
 @String{MathAnnalen = "Mathematische Annalen" }
 @String{MathAnnalen = "Math. Ann." }
 @String{MathPhys = "Journal of Mathematical Physics" }
 @String{MathPhys = "J. Math. Phys." }
 @String{MathComp = "Mathematics of Computation" }
 @String{MathComp = "Math. Comp." }
 @String{MathScand = "Mathematica Scandinavica" }
 @String{MathScand = "Math. Scand." }
 @String{TablesAidsComp = "Mathematical Tables and Other Aids to Computation" }
 @String{TablesAidsComp = "Math. Tables Aids Comput." }
 @String{NumerMath = "Numerische Mathematik" }
 @String{NumerMath = "Numer. Math." }
 @String{PacificMath = "Pacific Journal of Mathematics" }
 @String{PacificMath = "Pacific J. Math." }
 @String{ParDistComp = "Journal of Parallel and Distributed Computing" }
 @String{ParDistComp = "J. Parallel and Distrib. Comput." } % didn't find
%% in AMS MR
 @String{ParComputing = "Parallel Computing" }
 @String{ParComputing = "Parallel Comput." }
 @String{PhilMag = "Philosophical Magazine" }
 @String{PhilMag = "Philos. Mag." }
 @String{ProcNAS = "Proceedings of the National Academy of Sciences
                    of the USA" }
 @String{ProcNAS = "Proc. Nat. Acad. Sci. U. S. A." }
 @String{Psychometrika = "Psychometrika" }
 @String{QuartMath = "Quarterly Journal of Mathematics, Oxford, Series (2)" }
 @String{QuartMath = "Quart. J. Math. Oxford Ser. (2)" }
 @String{QuartApplMath = "Quarterly of Applied Mathematics" }
 @String{QuartApplMath = "Quart. Appl. Math." }
 @String{RevueInstStat = "Review of the International Statisical Institute" }
 @String{RevueInstStat = "Rev. Inst. Internat. Statist." }

 %SIAM
 @String{JSIAM = "Journal of the Society for Industrial and Applied
     Mathematics" }
 @String{JSIAM = "J. Soc. Indust. Appl. Math." }
 @String{JSIAMB = "Journal of the Society for Industrial and Applied
     Mathematics, Series B, Numerical Analysis" }
 @String{JSIAMB = "J. Soc. Indust. Appl. Math. Ser. B Numer. Anal." }
 @String{SIAMAlgMeth = "{SIAM} Journal on Algebraic and Discrete Methods" }
 @String{SIAMAlgMeth = "{SIAM} J. Algebraic Discrete Methods" }
 @String{SIAMAppMath = "{SIAM} Journal on Applied Mathematics" }
 @String{SIAMAppMath = "{SIAM} J. Appl. Math." }
 @String{SIAMComp = "{SIAM} Journal on Computing" }
 @String{SIAMComp = "{SIAM} J. Comput." }
 @String{SIAMMatrix = "{SIAM} Journal on Matrix Analysis and Applications" }
 @String{SIAMMatrix = "{SIAM} J. Matrix Anal. Appl." }
 @String{SIAMNumAnal = "{SIAM} Journal on Numerical Analysis" }
 @String{SIAMNumAnal = "{SIAM} J. Numer. Anal." }
 @String{SIAMReview = "{SIAM} Review" }
 @String{SIAMReview = "{SIAM} Rev." }
 @String{SIAMSciStat = "{SIAM} Journal on Scientific and Statistical
     Computing" }
 @String{SIAMSciStat = "{SIAM} J. Sci. Statist. Comput." }

 @String{SoftPracExp = "Software Practice and Experience" }
 @String{SoftPracExp = "Software Prac. Experience" } % didn't find in AMS MR
 @String{StatScience = "Statistical Science" }
 @String{StatScience = "Statist. Sci." }
 @String{Techno = "Technometrics" }
 @String{USSRCompMathPhys = "{USSR} Computational Mathematics and Mathematical
     Physics" }
 @String{USSRCompMathPhys = "{U. S. S. R.} Comput. Math. and Math. Phys." }
 @String{VLSICompSys = "Journal of {VLSI} and Computer Systems" }
 @String{VLSICompSys = "J. {VLSI} Comput. Syst." }
 @String{ZAngewMathMech = "Zeitschrift fur Angewandte Mathematik und
     Mechanik" }
 @String{ZAngewMathMech = "Z. Angew. Math. Mech." }
 @String{ZAngewMathPhys = "Zeitschrift fur Angewandte Mathematik und Physik" }
 @String{ZAngewMathPhys = "Z. Angew. Math. Phys." }

% Publishers % ================================================= |

 @String{Academic = "Academic Press" }
 @String{ACMPress = "{ACM} Press" }
 @String{AdamHilger = "Adam Hilger" }
 @String{AddisonWesley = "Addison-Wesley" }
 @String{AllynBacon = "Allyn and Bacon" }
 @String{AMS = "American Mathematical Society" }
 @String{Birkhauser = "Birkha{\"u}ser" }
 @String{CambridgePress = "Cambridge University Press" }
 @String{Chelsea = "Chelsea" }
 @String{ClaredonPress = "Claredon Press" }
 @String{DoverPub = "Dover Publications" }
 @String{Eyolles = "Eyolles" }
 @String{HoltRinehartWinston = "Holt, Rinehart and Winston" }
 @String{Interscience = "Interscience" }
 @String{JohnsHopkinsPress = "The Johns Hopkins University Press" }
 @String{JohnWileySons = "John Wiley and Sons" }
 @String{Macmillan = "Macmillan" }
 @String{MathWorks = "The Math Works Inc." }
 @String{McGrawHill = "McGraw-Hill" }
 @String{NatBurStd = "National Bureau of Standards" }
 @String{NorthHolland = "North-Holland" }
 @String{OxfordPress = "Oxford University Press" }  %address Oxford or London?
 @String{PergamonPress = "Pergamon Press" }
 @String{PlenumPress = "Plenum Press" }
 @String{PrenticeHall = "Prentice-Hall" }
 @String{SIAMPub = "{SIAM} Publications" }
 @String{Springer = "Springer-Verlag" }
 @String{TexasPress = "University of Texas Press" }
 @String{VanNostrand = "Van Nostrand" }
 @String{WHFreeman = "W. H. Freeman and Co." }

%Entries

@Article{Abril07,
  author        = "Patricia S. Abril and Robert Plant",
  title         = "The patent holder's dilemma: Buy, sell, or troll?",
  journal       = "Communications of the ACM",
  volume        = "50",
  number        = "1",
  month         = jan,
  year          = "2007",
  pages         = "36--44",
  doi           = "10.1145/1188913.1188915",
  url           = "http://doi.acm.org/10.1145/1219092.1219093",
  note          = "",
}

@Article{Cohen07,
  author        = "Sarah Cohen and Werner Nutt and Yehoshua Sagic",
  title         = "Deciding equivalances among conjunctive aggregate queries",
  journal       = JACM,
  articleno     = "5",
  numpages      = "50",
  volume        = "54",
  number        = "2",
  month         = apr,
  year          = "2007",
  doi           = "10.1145/1219092.1219093",
  url           = "http://doi.acm.org/10.1145/1219092.1219093",
  acmid         = "1219093",
  note          = "",
}


@periodical{JCohen96,
  key =          "Cohen",
  editor =       "Jacques Cohen",
  title =        "Special issue: Digital Libraries",
  journal =      CACM,
  volume =       "39",
  number =       "11",
  month =        nov,
  year =         "1996",
}


@Book{Kosiur01,
  author =       "David Kosiur",
  title =        "Understanding Policy-Based Networking",
  publisher =    "Wiley",
  year =         "2001",
  address =      "New York, NY",
  edition =      "2nd.",
  editor =       "",
  volume =       "",
  number =       "",
  series =       "",
  month =        "",
  note =         "",
}

 
21

@Book{Harel79,
  author =       "David Harel",
  year =         "1979",
  title =        "First-Order Dynamic Logic",
  series =       "Lecture Notes in Computer Science",
  volume =       "68",
  address =      "New York, NY",
  publisher =    "Springer-Verlag",
  doi =          "10.1007/3-540-09237-4",
  url =          "http://dx.doi.org/10.1007/3-540-09237-4",
  editor =       "",
  number =       "",
  month =        "",
  note =         "",
}


@Inbook{Editor00,
  author =       "",
  editor =       "Ian Editor",
  title =        "The title of book one",
  subtitle =     "The book subtitle",
  series =       "The name of the series one",
  year =         "2007",
  volume =       "9",
  address =      "Chicago",
  edition =      "1st.",
  publisher =    "University of Chicago Press",
  doi =          "10.1007/3-540-09237-4",
  url =          "http://dx.doi.org/10.1007/3-540-09456-9",
  chapter =      "",
  pages =        "",
  number =       "",
  type =         "",
  month =        "",
  note =         "",
}

%
@InBook{Editor00a,
  author =       "",
  editor =       "Ian Editor",
  title =        "The title of book two",
  subtitle =     "The book subtitle",
  series =       "The name of the series two",
  year =         "2008",
  address =      "Chicago",
  edition =      "2nd.",
  publisher =    "University of Chicago Press",
  doi =          "10.1007/3-540-09237-4",
  url =          "http://dx.doi.org/10.1007/3-540-09456-9",
  volume =       "",
  chapter =      "100",
  pages =        "",
  number =       "",
  type =         "",
  month =        "",
  note =         "",
}


% incollection (has an editor, title, and possibly a booktitle)
@Incollection{Spector90,
  author =       "Asad Z. Spector",
  title =        "Achieving application requirements",
  booktitle =    "Distributed Systems",
  publisher =    "ACM Press",
  address =      "New York, NY",
  year =         "1990",
  edition =      "2nd.",
  chapter =      "",
  editor =       "Sape Mullender",
  pages =        "19--33",
  doi =          "10.1145/90417.90738",
  url =          "http://doi.acm.org/10.1145/90417.90738",
  volume =       "",
  number =       "",
  series =       "",
  type =         "",
  month =        "",
  note =         "",
}


% incollection (has an editor, title, and possibly a booktitle)
@Incollection{Douglass98,
  author =       "Bruce P. Douglass and David Harel and Mark B. Trakhtenbrot",
  title =        "Statecarts in use: structured analysis and object-orientation",
  series =       "Lecture Notes in Computer Science",
  booktitle =    "Lectures on Embedded Systems",
  publisher =    "Springer-Verlag",
  address =      "London",
  volume =       "1494",
  year =         "1998",
  chapter =      "",
  editor =       "Grzegorz Rozenberg and Frits W. Vaandrager",
  pages =        "368--394",
  doi =          "10.1007/3-540-65193-4_29",
  url =          "http://dx.doi.org/10.1007/3-540-65193-4_29",
  edition =      "",
  number =       "",
  type =         "",
  month =        "",
  note =         "",
}


@Book{Knuth97,
  author =       "Donald E. Knuth",
  title =        "The Art of Computer Programming, Vol. 1: Fundamental Algorithms (3rd. ed.)",
  publisher =    "Addison Wesley Longman Publishing Co., Inc.",
  year =         "1997",
  address =      "",
  edition =      "", 
  editor =       "",
  volume =       "",
  number =       "",
  series =       "",
  month =        "",
  note =         "",
}


@Book{Knuth98,
  author =       "Donald E. Knuth",
  year =         "1998",
  title =        "The Art of Computer Programming",
  series =       "Fundamental Algorithms",
  volume =       "1",
  edition =      "3rd",
  address =      "",
  publisher =    "Addison Wesley Longman Publishing Co., Inc.",
  doi =          "",
  url =          "",
  editor =       "",
  number =       "",
  month =        "",
  note =         "(book)",
}

%Inbook{Knuth97,
%  author =       "Donald E. Knuth",
%  title =        "The Art of Computer Programming",
%  booktitle =    "the booktitle",
%  edition =      "3",
%  volume =       "1",
%  year =         "1997",
%  publisher =    "Addison Wesley Longman Publishing Co., Inc.",
%  editor =       "",
%  number =       "",
%  series =       "Fundamental Algorithms",
%  type =         "",
%  chapter =      "",
%  pages =        "",
%  address =      "",
%  month =        "",
%  note =         "(inbook)",
%}

%INBOOK{DK:73-inbook-full,
%   author = "Donald E. Knuth",
%   title = "Fundamental Algorithms (inbook w series)",
%   volume = 1,
%   series = "The Art of Computer Programming",
%   publisher = "Addison-Wesley",
%   address = "Reading, Massachusetts",
%   edition = "Second",
%   month = "10~" # jan,
%   year = "1973",
%   type = "Section",
%   chapter = "1.2",
%   pages = "10--119",
%   note = "Full INBOOK entry (w series)",
%}

%INcollection{DK:74-incoll,
%   author = "Donald E. Knuth",
%   title = "Fundamental Algorithms (incoll)",
%   volume = 1,
%   booktitle = "The Art of Computer Programming",
%   publisher = "Addison-Wesley",
%   address = "Reading, Massachusetts",
%   month = "10~" # jan,
%   year = "1974",
%   pages = "10--119",
%   editor = "Bernard Rous",
%   note = "This is a full incoll entry with an editor",
%}

%INcollection{DK:75-incollws,
%   author = "Donald E. Knuth",
%   title = "Fundamental Algorithms (incoll w series)",
%   volume = 1,
%   booktitle = "The Art of Computer Programming",
%   series = "The Art of Computer Programming",
%   publisher = "Addison-Wesley",
%   address = "Reading, Massachusetts",
%   month = "10~" # jan,
%   year = "1975",
%   pages = "10--119",
%   editor = "Bernard Rous",
%   note = "This is a full incoll entry with an editor and series",
%}


@incollection{GM05,
Author= "Dan Geiger and Christopher Meek",
Title= "Structured Variational Inference Procedures and their Realizations (as incol)",
Year= 2005,
Booktitle="Proceedings of Tenth International Workshop on Artificial Intelligence and Statistics, {\rm The Barbados}",
Publisher="The Society for Artificial Intelligence and Statistics",
Month= jan,
Editors= "Z. Ghahramani and R. Cowell"
}

@Inproceedings{Smith10,
  author =       "Stan W. Smith",
  title =        "An experiment in bibliographic mark-up: Parsing metadata for XML export",
  booktitle =    "Proceedings of the 3rd. annual workshop on Librarians and Computers",
  series =       "LAC '10",
  editor =       "Reginald N. Smythe and Alexander Noble",
  volume =       "3",
  year =         "2010",
  publisher =    "Paparazzi Press",
  address =      "Milan Italy",
  pages =        "422--431",
  doi =          "99.9999/woot07-S422",
  url =          "http://dx.doi.org/99.0000/woot07-S422",
  number =       "",
  month =        "",
  organization = "",
  note =         "",
}

@Inproceedings{VanGundy07,
  author =       "Matthew Van Gundy and Davide Balzarotti and Giovanni Vigna",
  year =         "2007",
  title =        "Catch me, if you can: Evading network signatures with web-based polymorphic worms",
  booktitle =    "Proceedings of the first USENIX workshop on Offensive Technologies",
  series =       "WOOT '07",
  publisher =    "USENIX Association",
  address =      "Berkley, CA",
  articleno =    "7",
  numpages =     "9",
  editor =       "",
  volume =       "",
  number =       "",
  pages =        "",
  month =        "",
  organization = "",
  note =         "",
}

@Inproceedings{VanGundy08,
  author =       "Matthew Van Gundy and Davide Balzarotti and Giovanni Vigna",
  year =         "2008",
  title =        "Catch me, if you can: Evading network signatures with web-based polymorphic worms",
  booktitle =    "Proceedings of the first USENIX workshop on Offensive Technologies",
  series =       "WOOT '08",
  publisher =    "USENIX Association",
  address =      "Berkley, CA",
  articleno =    "7",
  numpages =     "2",
  editor =       "",
  volume =       "",
  number =       "",
  pages =        "99-100",
  month =        "",
  organization = "",
  note =         "",
}

@Inproceedings{VanGundy09,
  author =       "Matthew Van Gundy and Davide Balzarotti and Giovanni Vigna",
  year =         "2009",
  title =        "Catch me, if you can: Evading network signatures with web-based polymorphic worms",
  booktitle =    "Proceedings of the first USENIX workshop on Offensive Technologies",
  series =       "WOOT '09",
  publisher =    "USENIX Association",
  address =      "Berkley, CA",
  articleno =    "",
  numpages =     "",
  editor =       "",
  volume =       "",
  number =       "",
  pages =        "90--100",
  month =        "",
  organization = "",
  note =         "",
}

@Inproceedings{Andler79,
  author =       "Sten Andler",
  title =        "Predicate Path expressions",
  booktitle =    "Proceedings of the 6th. ACM SIGACT-SIGPLAN symposium on Principles of Programming Languages",
  series =       "POPL '79",
  year =         "1979",
  publisher =    "ACM Press",
  address =      "New York, NY",
  pages =        "226--236",
  doi =          "10.1145/567752.567774",
  url =          "http://doi.acm.org/10.1145/567752.567774",
  editor =       "",
  volume =       "",
  number =       "",
  month =        "",
  organization = "",
  note =         "",
}

@Techreport{Harel78,
  author =       "David Harel",
  year =         "1978",
  title =        "LOGICS of Programs: AXIOMATICS and DESCRIPTIVE POWER",
  institution =  "Massachusetts Institute of Technology",
  type =         "MIT Research Lab Technical Report",
  number =       "TR-200",
  address =      "Cambridge, MA",
  month =        "",
  note =         "",
}

@MASTERSTHESIS{anisi03,
author = {David A. Anisi},
title = {Optimal Motion Control of a Ground Vehicle},
school = {Royal Institute of Technology (KTH), Stockholm, Sweden},
intitution = {FOI-R-0961-SE, Swedish Defence Research Agency (FOI)},
year = {2003},
}


@Phdthesis{Clarkson85,
  author =       "Kenneth L. Clarkson",
  year =         "1985",
  title =        "Algorithms for Closest-Point Problems (Computational Geometry)",
  school =       "Stanford University",
  address =      "Palo Alto, CA",
  note =         "UMI Order Number: AAT 8506171",
  type =         "",
  month =        "",
}


@online{Thornburg01,
  author =       "Harry Thornburg",
  year =         "2001",
  title =        "Introduction to Bayesian Statistics",
  url =          "http://ccrma.stanford.edu/~jos/bayes/bayes.html",
  month =        mar,
  lastaccessed = "March 2, 2005",
}


@online{Ablamowicz07,
  author =       "Rafal Ablamowicz and Bertfried Fauser",
  year =         "2007",
  title =        "CLIFFORD: a Maple 11 Package for Clifford Algebra Computations, version 11",
  url =          "http://math.tntech.edu/rafal/cliff11/index.html",
  lastaccessed = "February 28, 2008",
}


@misc{Poker06,
  author =       "Poker-Edge.Com",
  year =         "2006",
  month =        mar,
  title =        "Stats and Analysis",
  lastaccessed = "June 7, 2006",
  url =          "http://www.poker-edge.com/stats.php",
}

@misc{Obama08,
  author        = "Barack Obama",
  year          = "2008",
  title         = "A more perfect union",
  howpublished  = "Video",
  day           = "5",
  url           = "http://video.google.com/videoplay?docid=6528042696351994555",
  month         = mar,
  lastaccessed  = "March 21, 2008",
  note          =  "",
}

@misc{JoeScientist001,
  author =       "Joseph Scientist",
  year =         "2009",
  title =        "The fountain of youth",
  note =         "Patent No. 12345, Filed July 1st., 2008, Issued Aug. 9th., 2009",
  url =          "",
  howpublished = "",
  month =        aug,
  lastaccessed = "",
}


@Inproceedings{Novak03,
  author =       "Dave Novak",
  title =        "Solder man",
  booktitle =    "ACM SIGGRAPH 2003 Video Review on Animation theater Program: Part I - Vol. 145 (July 27--27, 2003)",
  year =         "2003",
  publisher =    "ACM Press",
  address =      "New York, NY",
  pages =        "4",
  month =        "March 21, 2008",
  doi =          "99.9999/woot07-S422",
  url =          "http://video.google.com/videoplay?docid=6528042696351994555",
  note =         "",
  howpublished = "Video",
  editor =       "",
  volume =       "",
  number =       "",
  series =       "",
  organization = "",
}


@article{Lee05,
  author =       "Newton Lee",
  year =         "2005",
  title =        "Interview with Bill Kinder: January 13, 2005",
  journal =      "Comput. Entertain.",
  eid =          "4",
  volume =       "3",
  number =       "1",
  month =        "Jan.-March",
  doi =          "10.1145/1057270.1057278",
  url =          "http://doi.acm.org/10.1145/1057270.1057278",
  howpublished = "Video",
  note =         "",
}

@article{Rous08,
  author =       "Bernard Rous",
  year =         "2008",
  title =        "The Enabling of Digital Libraries",
  journal =      "Digital Libraries",
  volume =       "12",
  number =       "3",
  month =        jul,
  articleno =    "5",
  doi =          "",
  url =          "",
  howpublished = "",
  note =         "To appear",
}

@article{384253,
 author = {Werneck,, Renato and Setubal,, Jo\~{a}o and da Conceic\~{a}o,, Arlindo},
 title = {(old) Finding minimum congestion spanning trees},
 journal = {J. Exp. Algorithmics},
 volume = {5},
 year = {2000},
 issn = {1084-6654},
 pages = {11},
 doi = {http://doi.acm.org/10.1145/351827.384253},
 publisher = {ACM},
 address = {New York, NY, USA},
 }


@article{Werneck:2000:FMC:351827.384253,
 author = {Werneck, Renato and Setubal, Jo\~{a}o and da Conceic\~{a}o, Arlindo},
 title = {(new) Finding minimum congestion spanning trees},
 journal = {J. Exp. Algorithmics},
 volume = {5},
 month = dec,
 year = {2000},
 issn = {1084-6654},
 articleno = {11},
 url = {http://portal.acm.org/citation.cfm?id=351827.384253},
 doi = {10.1145/351827.384253},
 acmid = {384253},
 publisher = {ACM},
 address = {New York, NY, USA},
}

@article{1555162,
 author = {Conti, Mauro and Di Pietro, Roberto and Mancini, Luigi V. and Mei, Alessandro},
 title = {(old) Distributed data source verification in wireless sensor networks},
 journal = {Inf. Fusion},
 volume = {10},
 number = {4},
 year = {2009},
 issn = {1566-2535},
 pages = {342--353},
 doi = {http://dx.doi.org/10.1016/j.inffus.2009.01.002},
 publisher = {Elsevier Science Publishers B. V.},
 address = {Amsterdam, The Netherlands, The Netherlands},
 }

@article{Conti:2009:DDS:1555009.1555162,
 author = {Conti, Mauro and Di Pietro, Roberto and Mancini, Luigi V. and Mei, Alessandro},
 title = {(new) Distributed data source verification in wireless sensor networks},
 journal = {Inf. Fusion},
 volume = {10},
 number = {4},
 month = oct,
 year = {2009},
 issn = {1566-2535},
 pages = {342--353},
 numpages = {12},
 url = {http://portal.acm.org/citation.cfm?id=1555009.1555162},
 doi = {10.1016/j.inffus.2009.01.002},
 acmid = {1555162},
 publisher = {Elsevier Science Publishers B. V.},
 address = {Amsterdam, The Netherlands, The Netherlands},
 keywords = {Clone detection, Distributed protocol, Securing data fusion, Wireless sensor networks},
}

@inproceedings{Li:2008:PUC:1358628.1358946,
 author = {Li, Cheng-Lun and Buyuktur, Ayse G. and Hutchful, David K. and Sant, Natasha B. and Nainwal, Satyendra K.},
 title = {Portalis: using competitive online interactions to support aid initiatives for the homeless},
 booktitle = {CHI '08 extended abstracts on Human factors in computing systems},
 year = {2008},
 isbn = {978-1-60558-012-X},
 location = {Florence, Italy},
 pages = {3873--3878},
 numpages = {6},
 url = {http://portal.acm.org/citation.cfm?id=1358628.1358946},
 doi = {10.1145/1358628.1358946},
 acmid = {1358946},
 publisher = {ACM},
 address = {New York, NY, USA},
 keywords = {cscw, distributed knowledge acquisition, incentive design, online games, recommender systems, reputation systems, user studies, virtual community},
}

@book{Hollis:1999:VBD:519964,
 author = {Hollis, Billy S.},
 title = {Visual Basic 6: Design, Specification, and Objects with Other},
 year = {1999},
 isbn = {0130850845},
 edition = {1st},
 publisher = {Prentice Hall PTR},
 address = {Upper Saddle River, NJ, USA},
 }


@book{Goossens:1999:LWC:553897,
 author = {Goossens, Michel and Rahtz, S. P. and Moore, Ross and Sutor, Robert S.},
 title = {The  Latex Web Companion: Integrating TEX, HTML, and XML},
 year = {1999},
 isbn = {0201433117},
 edition = {1st},
 publisher = {Addison-Wesley Longman Publishing Co., Inc.},
 address = {Boston, MA, USA},
 }

% need to test genres for errant isbn output

% techreport
@techreport{897367,
 author = {Buss, Jonathan F. and Rosenberg, Arnold L. and Knott, Judson D.},
 title = {Vertex Types in Book-Embeddings},
 year = {1987},
 source = {http://www.ncstrl.org:8900/ncstrl/servlet/search?formname=detail\&id=oai%3Ancstrlh%3Aumass_cs%3Ancstrl.umassa_cs%2F%2FUM-CS-1987-018},
 publisher = {University of Massachusetts},
 address = {Amherst, MA, USA},
 }

@techreport{Buss:1987:VTB:897367,
 author = {Buss, Jonathan F. and Rosenberg, Arnold L. and Knott, Judson D.},
 title = {Vertex Types in Book-Embeddings},
 year = {1987},
 source = {http://www.ncstrl.org:8900/ncstrl/servlet/search?formname=detail\&id=oai%3Ancstrlh%3Aumass_cs%3Ancstrl.umassa_cs%2F%2FUM-CS-1987-018},
 publisher = {University of Massachusetts},
 address = {Amherst, MA, USA},
 }

% whole proceedings

@proceedings{Czerwinski:2008:1358628,
 author = {},
 note = {General Chair-Czerwinski, Mary and General Chair-Lund, Arnie and Program Chair-Tan, Desney},
 title = {CHI '08: CHI '08 extended abstracts on Human factors in computing systems},
 year = {2008},
 isbn = {978-1-60558-012-X},
 location = {Florence, Italy},
 order_no = {608085},
 publisher = {ACM},
 address = {New York, NY, USA},
 }

% phdthesis

@phdthesis{Clarkson:1985:ACP:911891,
 author = {Clarkson, Kenneth Lee},
 advisor = {Yao, Andrew C.},
 title = {Algorithms for Closest-Point Problems (Computational Geometry)},
 year = {1985},
 note = {AAT 8506171},
 school = {Stanford University},
 address = {Stanford, CA, USA},
 }
% school is being picked up -- but not publisher (which is OK)
% Also -- the title is NOT being output in italics !!! Arrrrgh! - I fixed it. :-)


%%% compare with 'old'
%%% atsign-Phdthesis{Clarkson85,
%%%  author =       "Kenneth L. Clarkson",
%%%  year =         "1985",
%%%  title =        "Algorithms for Closest-Point Problems (Computational Geometry)",
%%%  school =       "Stanford University",
%%%  address =      "Palo Alto, CA",
%%%  note =         "UMI Order Number: AAT 8506171",
%%%  type =         "",
%%%  month =        "",
%%%}

% A bibliography
@Article{1984:1040142,
 key = {{$\!\!$}},
 journal = {SIGCOMM Comput. Commun. Rev.},
 year = {1984},
 issn = {0146-4833},
 volume = {13-14},
 number = {5-1},
 issue_date = {January/April 1984},
 publisher = {ACM},
 address = {New York, NY, USA},
 }


% grinder
@inproceedings{2004:ITE:1009386.1010128,
 key = {IEEE},
 title = {IEEE TCSC Executive Committee},
 booktitle = {Proceedings of the IEEE International Conference on Web Services},
 series = {ICWS '04},
 year = {2004},
 isbn = {0-7695-2167-3},
 pages = {21--22},
 url = {http://dx.doi.org/10.1109/ICWS.2004.64},
 doi = {http://dx.doi.org/10.1109/ICWS.2004.64},
 acmid = {1010128},
 publisher = {IEEE Computer Society},
 address = {Washington, DC, USA},
}

% div book
@book{Mullender:1993:DS(:302430,
 editor = {Mullender, Sape},
 title = {Distributed systems (2nd Ed.)},
 year = {1993},
 isbn = {0-201-62427-3},
 publisher = {ACM Press/Addison-Wesley Publishing Co.},
 address = {New York, NY, USA},
 }

% master thesis (as techreport and thesis)

@techreport{Petrie:1986:NAD:899644,
 author = {Petrie, Charles J.},
 title = {New Algorithms for Dependency-Directed Backtracking (Master's thesis)},
 year = {1986},
 source = {http://www.ncstrl.org:8900/ncstrl/servlet/search?formname=detail\&id=oai%3Ancstrlh%3Autexas_cs%3AUTEXAS_CS%2F%2FAI86-33},
 publisher = {University of Texas at Austin},
 address = {Austin, TX, USA},
 }

@MASTERSTHESIS{Petrie:1986:NAD:12345,
 author = {Petrie, Charles J.},
 title = {New Algorithms for Dependency-Directed Backtracking (Master's thesis)},
 year = {1986},
 source = {http://www.ncstrl.org:8900/ncstrl/servlet/search?formname=detail\&id=oai%3Ancstrlh%3Autexas_cs%3AUTEXAS_CS%2F%2FAI86-33},
 school = {University of Texas at Austin},
 address = {Austin, TX, USA},
 }




@BOOK{book-minimal,
   author = "Donald E. Knuth",
   title = "Seminumerical Algorithms",
   publisher = "Addison-Wesley",
   year = "1981",
}

% incollection (has an editor, title, and possibly a booktitle)
@INcollection{KA:2001,
 author = {Kong, Wei-Chang},
 Title = {The implementation of electronic commerce in SMEs in Singapore (as Incoll)},
 booktitle = {E-commerce and cultural values},
 year = {2001},
 isbn = {1-59140-056-2},
 pages = {51--74},
 numpages = {24},
 url = {http://portal.acm.org/citation.cfm?id=887006.887010},
 acmid = {887010},
 publisher = {IGI Publishing},
 address = {Hershey, PA, USA},
}


% with bibfield 'type' before chapter (note no editor)
@INBOOK{KAGM:2001,
 author = {Kong, Wei-Chang},
 type = {Name of Chapter:},
 chapter = {The implementation of electronic commerce in SMEs in Singapore (Inbook-w-chap-w-type)},
 title = {E-commerce and cultural values},
 year = {2001},
 isbn = {1-59140-056-2},
 pages = {51--74},
 numpages = {24},
 url = {http://portal.acm.org/citation.cfm?id=887006.887010},
 acmid = {887010},
 publisher = {IGI Publishing},
 address = {Hershey, PA, USA},
}

%%% Notes! This is because the atsign-INBOOK citation type specifies EITHER
%%% editor or author, but not both. In my experiments with the harvard/dcu
%%% bibtex style (and presumably this applies to other styles too), bibtex
%%% ignores the editor information if author information exists in an
%%% atsign-INBOOK entry. atsign-INCOLLECTION is far more commonly used in my references,
%%% and in the absence of an editor I believe most bibtex styles will just
%%% ommit the editor from the reference - the chapter information will not
%%% end up in the in-text citation as you suggest it should be but at least
%%% there is a place to put the editor if necessary.



% was 'Inbook' -- changed to incollection - (editor is different to author) - need to tell Asad to codify as such.
@incollection{Kong:2002:IEC:887006.887010,
  author =      {Kong, Wei-Chang},
  editor =      {Theerasak Thanasankit},
  title =       {Chapter 9},
  booktitle =   {E-commerce and cultural values (Incoll-w-text (chap 9) 'title')},
  year =        {2002},
  address =     {Hershey, PA, USA},
  publisher =   {IGI Publishing},
  url =         {http://portal.acm.org/citation.cfm?id=887006.887010},
  pages =       {51--74},
  numpages =    {24},
  acmid =       {887010},
  isbn =        {1-59140-056-2},
  number =      "",
  type =        "",
  month =       "",
  note =        "",
}

% incol when the chapter is 'text' - due to presence of editor (different to author)
@incollection{Kong:2003:IEC:887006.887011,
 author = {Kong, Wei-Chang},
 title = {The implementation of electronic commerce in SMEs in Singapore (Incoll)},
 booktitle = {E-commerce and cultural values},
 editor = {Thanasankit, Theerasak},
 year = {2003},
 isbn = {1-59140-056-2},
 pages = {51--74},
 numpages = {24},
 url = {http://portal.acm.org/citation.cfm?id=887006.887010},
 acmid = {887010},
 publisher = {IGI Publishing},
 address = {Hershey, PA, USA},
}

% ------ test
%incollection{Kong:2003:IEC:887006.887010,
% author = {Kong, Wei-Chang},
% chapter = {The implementation of electronic commerce in SMEs in Singapore (Incoll-text-in-chap)},
% booktitle = {booktitle E-commerce and cultural values},
% title =   {The title},
% editor = {Thanasankit, Theerasak},
% year = {2003},
% isbn = {1-59140-056-2},
% pages = {51--74},
% numpages = {24},
% url = {http://portal.acm.org/citation.cfm?id=887006.887010},
% acmid = {887010},
% publisher = {IGI Publishing},
% address = {Hershey, PA, USA},
%}


% ---------





% Need inbook with num in chapter

% and inbook with number in chapter
@InBook{Kong:2004:IEC:123456.887010,
  author =      {Kong, Wei-Chang},
  editor =      {Theerasak Thanasankit},
  title =       {E-commerce and cultural values - (InBook-num-in-chap)},
  chapter =     {9},
  year =        {2004},
  address =     {Hershey, PA, USA},
  publisher =   {IGI Publishing},
  url =         {http://portal.acm.org/citation.cfm?id=887006.887010},
  pages =       {51--74},
  numpages =    {24},
  acmid =       {887010},
  isbn =        {1-59140-056-2},
  number =      "",
  type =        "",
  month =       "",
  note =        "",
}


% and inbook with text in chapter
@Inbook{Kong:2005:IEC:887006.887010,
  author =      {Kong, Wei-Chang},
  editor =      {Theerasak Thanasankit},
  title =       {E-commerce and cultural values (Inbook-text-in-chap)},
  chapter =     {The implementation of electronic commerce in SMEs in Singapore},
  year =        {2005},
  address =     {Hershey, PA, USA},
  publisher =   {IGI Publishing},
  url =         {http://portal.acm.org/citation.cfm?id=887006.887010},
  type =        {Chapter:},
  pages =       {51--74},
  numpages =    {24},
  acmid =       {887010},
  isbn =        {1-59140-056-2},
  number =      "",
  month =       "",
  note =        "",
}


% and inbook with a num and type field
@Inbook{Kong:2006:IEC:887006.887010,
  author =      {Kong, Wei-Chang},
  editor =      {Theerasak Thanasankit},
  title =       {E-commerce and cultural values (Inbook-num chap)},
  chapter =     {22},
  year =        {2006},
  address =     {Hershey, PA, USA},
  publisher =   {IGI Publishing},
  url =         {http://portal.acm.org/citation.cfm?id=887006.887010},
  type =        {Chapter (in type field)},
  pages =       {51--74},
  numpages =    {24},
  acmid =       {887010},
  isbn =        {1-59140-056-2},
  number =      "",
  month =       "",
  note =        "",
}


% and incol coz we have a BLANK chapter - due to presence of editor
%atIncollection{Kong:2006:IEC:887006.887011,
%  author =     {Kong, Wei-Chang},
%  editor =     {Theerasak Thanasankit},
%  title =      "The title"
%  booktitle =  {E-commerce and cultural values (Incol-coz-blank-chap)},
%  year =       {2006},
%  address =    {Hershey, PA, USA},
%  publisher =  {IGI Publishing},
%  url =        {http://portal.acm.org/citation.cfm?id=887006.887010},
%  type =       {Type!},
%  chapter =    {},
%  pages =      {51--74},
%  numpages =   {24},
%  acmid =      {887010},
%  isbn =       {1-59140-056-2},
%  number =     "",
%  month =      "",
%  note =       "",
%}

@article{SaeediMEJ10,
            author = {Mehdi Saeedi and Morteza Saheb Zamani and Mehdi Sedighi},
            title = {A library-based synthesis methodology for reversible logic},
            journal = {Microelectron. J.},
            volume = {41},
            number = {4},
            month = apr,
            year = {2010},
            pages = {185--194},
}

@ARTICLE{SaeediJETC10,
            author = {Mehdi Saeedi and Morteza Saheb Zamani and Mehdi Sedighi and Zahra Sasanian},
            title = {Synthesis of Reversible Circuit Using Cycle-Based Approach},
            journal = {J. Emerg. Technol. Comput. Syst.},
            volume = {6},
            number = {4},
            month = dec,
            year = {2010}
            }

% Asad's new version
@article{Kirschmer:2010:AEI:1958016.1958018,
 author = {Kirschmer, Markus and Voight, John},
 title = {Algorithmic Enumeration of Ideal Classes for Quaternion Orders},
 journal = {SIAM J. Comput.},
 issue_date = {January 2010},
 volume = {39},
 number = {5},
 month = jan,
 year = {2010},
 issn = {0097-5397},
 pages = {1714--1747},
 numpages = {34},
 url = {http://dx.doi.org/10.1137/080734467},
 doi = {https://doi.org/10.1137/080734467},
 acmid = {1958018},
 publisher = {Society for Industrial and Applied Mathematics},
 address = {Philadelphia, PA, USA},
 keywords = {ideal classes, maximal orders, number theory, quaternion algebras},
}


% incol due to presence of booktitle
@incollection{Hoare:1972:CIN:1243380.1243382,
 author = {Hoare, C. A. R.},
 title = {Chapter II: Notes on data structuring},
 booktitle = {Structured programming (incoll)},
 editor = {Dahl, O. J. and Dijkstra, E. W. and Hoare, C. A. R.},
 year = {1972},
 isbn = {0-12-200550-3},
 pages = {83--174},
 numpages = {92},
 url = {http://portal.acm.org/citation.cfm?id=1243380.1243382},
 acmid = {1243382},
 publisher = {Academic Press Ltd.},
 address = {London, UK, UK},
}

% incol due to presence of booktitle
@incollection{Lee:1978:TQA:800025.1198348,
 author = {Lee, Jan},
 title = {Transcript of question and answer session},
 booktitle = {History of programming languages I (incoll)},
 editor = {Wexelblat, Richard L.},
 year = {1981},
 isbn = {0-12-745040-8},
 pages = {68--71},
 numpages = {4},
 url = {http://doi.acm.org/10.1145/800025.1198348},
 doi = {http://doi.acm.org/10.1145/800025.1198348},
 acmid = {1198348},
 publisher = {ACM},
 address = {New York, NY, USA},
}

% incol due to booktitle
@incollection{Dijkstra:1979:GSC:1241515.1241518,
 author = {Dijkstra, E.},
 title = {Go to statement considered harmful},
 booktitle = {Classics in software engineering (incoll)},
 year = {1979},
 isbn = {0-917072-14-6},
 pages = {27--33},
 numpages = {7},
 url = {http://portal.acm.org/citation.cfm?id=1241515.1241518},
 acmid = {1241518},
 publisher = {Yourdon Press},
 address = {Upper Saddle River, NJ, USA},
}

% incol due to booktitle
@incollection{Wenzel:1992:TVA:146022.146089,
 author = {Wenzel, Elizabeth M.},
 title = {Three-dimensional virtual acoustic displays},
 booktitle = {Multimedia interface design (incoll)},
 year = {1992},
 isbn = {0-201-54981-6},
 pages = {257--288},
 numpages = {32},
 url = {http://portal.acm.org/citation.cfm?id=146022.146089},
 doi = {10.1145/146022.146089},
 acmid = {146089},
 publisher = {ACM},
 address = {New York, NY, USA},
}

% incol due to booktitle
@incollection{Mumford:1987:MES:54905.54911,
 author = {Mumford, E.},
 title = {Managerial expert systems and organizational change: some critical research issues},
 booktitle = {Critical issues in information systems research (incoll)},
 year = {1987},
 isbn = {0-471-91281-6},
 pages = {135--155},
 numpages = {21},
 url = {http://portal.acm.org/citation.cfm?id=54905.54911},
 acmid = {54911},
 publisher = {John Wiley \& Sons, Inc.},
 address = {New York, NY, USA},
}

@book{McCracken:1990:SSC:575315,
 author = {McCracken, Daniel D. and Golden, Donald G.},
 title = {Simplified Structured COBOL with Microsoft/MicroFocus COBOL},
 year = {1990},
 isbn = {0471514071},
 publisher = {John Wiley \& Sons, Inc.},
 address = {New York, NY, USA},
}

% Let's include Boris / BBeeton entries  (multi-volume works)

@book {MR781537,
    AUTHOR = {H{\"o}rmander, Lars},
     TITLE = {The analysis of linear partial differential operators. {III}},
    SERIES = {Grundlehren der Mathematischen Wissenschaften [Fundamental
              Principles of Mathematical Sciences]},
    VOLUME = {275},
      NOTE = {Pseudodifferential operators},
PUBLISHER = {Springer-Verlag},
   ADDRESS = {Berlin, Germany},
      YEAR = {1985},
     PAGES = {viii+525},
      ISBN = {3-540-13828-5},
   MRCLASS = {35-02 (35Sxx 47G05 58G15)},
  MRNUMBER = {781536 (87d:35002a)},
MRREVIEWER = {Min You Qi},
}

@book {MR781536,
    AUTHOR = {H{\"o}rmander, Lars},
     TITLE = {The analysis of linear partial differential operators. {IV}},
    SERIES = {Grundlehren der Mathematischen Wissenschaften [Fundamental
              Principles of Mathematical Sciences]},
    VOLUME = {275},
      NOTE = {Fourier integral operators},
PUBLISHER = {Springer-Verlag},
   ADDRESS = {Berlin, Germany},
      YEAR = {1985},
     PAGES = {vii+352},
      ISBN = {3-540-13829-3},
   MRCLASS = {35-02 (35Sxx 47G05 58G15)},
  MRNUMBER = {781537 (87d:35002b)},
MRREVIEWER = {Min You Qi},
}

%%%%%%%%%%%%%%%%%%%%%% Start of Aptara sample bib entries

% acmsmall-sam.bib
@InProceedings{Adya-01,
  author        = {A. Adya and P. Bahl and J. Padhye and A.Wolman and L. Zhou},
  title         = {A multi-radio unification protocol for {IEEE} 802.11 wireless networks},
  booktitle     = {Proceedings of the IEEE 1st International Conference on Broadnets Networks (BroadNets'04)},
  publisher     = "IEEE",
  address       = "Los Alamitos, CA",
  year          = {2004},
  pages         = "210--217"
}

@article{Akyildiz-01,
  author        = {I. F. Akyildiz and W. Su and Y. Sankarasubramaniam and E. Cayirci},
  title         = {Wireless Sensor Networks: A Survey},
  journal       = {Comm. ACM},
  volume        = 38,
  number        = "4",
  year          = {2002},
  pages         = "393--422"
}

@article{Akyildiz-02,
  author        = {I. F. Akyildiz and T. Melodia and K. R. Chowdhury},
  title         = {A Survey on Wireless Multimedia Sensor Networks},
  journal       = {Computer Netw.},
  volume        = 51,
  number        = "4",
  year          = {2007},
  pages         = "921--960"
}

@InProceedings{Bahl-02,
  author        = {P. Bahl and R. Chancre and J. Dungeon},
  title         = {{SSCH}: Slotted Seeded Channel Hopping for Capacity Improvement in {IEEE} 802.11 Ad-Hoc Wireless Networks},
  booktitle     = {Proceeding of the 10th International Conference on Mobile Computing and Networking (MobiCom'04)},
  publisher     = "ACM",
  address       = "New York, NY",
  year          = {2004},
  pages         = "112--117"
}

@misc{CROSSBOW,
  key       = {CROSSBOW},
  title     = {{XBOW} Sensor Motes Specifications},
  note      = {http://www.xbow.com},
  year      = 2008
}

@article{Culler-01,
  author        = {D. Culler and D. Estrin and M. Srivastava},
  title         = {Overview of Sensor Networks},
  journal       = {IEEE Comput.},
  volume        = 37,
  number        = "8 (Special Issue on Sensor Networks)",
  publisher     = "IEEE",
  address       = "Los Alamitos, CA",
  year          = {2004},
  pages         = "41--49"
}

@misc{Harvard-01,
    key         = {Harvard CodeBlue},
    title       = {{CodeBlue}: Sensor Networks for Medical Care},
    note        = {http://www.eecs.harvard.edu/mdw/ proj/codeblue/},
    year        = 2008
}

@InProceedings{Natarajan-01,
    author      = {A. Natarajan and M. Motani and B. de Silva and K. Yap and K. C. Chua},
    title       = {Investigating Network Architectures for Body Sensor Networks},
    booktitle   = {Network Architectures},
    editor      = {G. Whitcomb and P. Neece},
    publisher   = "Keleuven Press",
    address     = "Dayton, OH",
    year        = {2007},
    pages       = "322--328",
    eprint      = "960935712",
    primaryclass = "cs",
}

@techreport{Tzamaloukas-01,
  author        = {A. Tzamaloukas and J. J. Garcia-Luna-Aceves},
  title         = {Channel-Hopping Multiple Access},
  number =        {I-CA2301},
  institution =   {Department of Computer Science, University of California},
  address =       {Berkeley, CA},
  year          = {2000}
}

@BOOK{Zhou-06,
  author        = {G. Zhou and J. Lu and C.-Y. Wan and M. D. Yarvis and J. A. Stankovic},
  title         = {Body Sensor Networks},
  publisher     = "MIT Press",
  address       = "Cambridge, MA",
  year          = {2008}
}

@mastersthesis{ko94,
author = "Jacob Kornerup",
title = "Mapping Powerlists onto Hypercubes",
school = "The University of Texas at Austin",
note = "(In preparation)",
year = "1994"}
%month = "dec",}

@PhdThesis{gerndt:89,
  author =       "Michael Gerndt",
  title =        "Automatic Parallelization for Distributed-Memory
                  Multiprocessing Systems",
  school =       "University of Bonn",
  year =         1989,
  address =      "Bonn, Germany",
  month =        dec
}

@article{6:1:1,
author = "J. E. {Archer, Jr.} and R. Conway and F. B. Schneider",
title = "User recovery and reversal in interactive systems",
journal = "ACM Trans. Program. Lang. Syst.",
volume =  "6",
number = "1",
month = jan,
year = 1984,
pages = "1--19"}

@article{7:1:137,
author = "D. D. Dunlop and V. R. Basili",
title = "Generalizing specifications for uniformly implemented loops",
journal = "ACM Trans. Program. Lang. Syst.",
volume =  "7",
number = "1",
month = jan,
year = 1985,
pages = "137--158"}

@article{7:2:183,
author = "J. Heering and P. Klint",
title = "Towards monolingual programming environments",
journal = "ACM Trans. Program. Lang. Syst.",
volume =  "7",
number = "2",
month = apr,
year = 1985,
pages = "183--213"}

@book{knuth:texbook,
author = "Donald E. Knuth",
title = "The {\TeX{}book}",
publisher = "Addison-Wesley",
address = "Reading, MA.",
year = 1984}

@article{6:3:380,
author = "E. Korach and D.  Rotem and N. Santoro",
title = "Distributed algorithms for finding centers and medians in networks",
journal = "ACM Trans. Program. Lang. Syst.",
volume =  "6",
number = "3",
month = jul,
year = 1984,
pages = "380--401"}

@book{lamport:latex,
author = "Leslie Lamport",
title = "\it {\LaTeX}: A Document Preparation System",
publisher = "Addison-Wesley",
address = "Reading, MA.",
year = 1986}

@article{7:3:359,
author = "F. Nielson",
title = "Program transformations in a denotational setting",
journal = "ACM Trans. Program. Lang. Syst.",
volume =  "7",
number = "3",
month = jul,
year = 1985,
pages = "359--379"}

%testing
@BOOK{test,
   author = "Donald E. Knuth",
   title = "Seminumerical Algorithms",
   volume = 2,
   series = "The Art of Computer Programming",
   publisher = "Addison-Wesley",
   address = "Reading, MA",
   edition = "2nd",
   month = "10~" # jan,
   year = "1981",
}

@inproceedings{reid:scribe,
author = "Brian K. Reid",
title = "A high-level approach to computer document formatting",
booktitle = "Proceedings of the 7th Annual Symposium on Principles of
  Programming Languages",
month = jan,
year = 1980,
publisher = "ACM",
address = "New York",
pages = "24--31"}

@article{Zhou:2010:MMS:1721695.1721705,
 author = {Zhou, Gang and Wu, Yafeng and Yan, Ting and He, Tian and Huang, Chengdu and Stankovic, John A. and Abdelzaher, Tarek F.},
 title = {A multifrequency MAC specially designed for wireless sensor network applications},
 journal = {ACM Trans. Embed. Comput. Syst.},
 issue_date = {March 2010},
 volume = 9,
 number = 4,
 month = {April},
 year = 2010,
 issn = {1539-9087},
 pages = {39:1--39:41},
 articleno = 39,
 numpages = 41,
 url = {http://doi.acm.org/10.1145/1721695.1721705},
 doi = {10.1145/1721695.1721705},
 acmid = 1721705,
 publisher = {ACM},
 address = {New York, NY, USA},
 keywords = {Wireless sensor networks, media access control, multi-channel, radio interference, time synchronization},
}


@online{TUGInstmem,
  key =          {TUG},
  year  =        2017,
  title =        "Institutional members of the {\TeX} Users Group",
  url =          "http://wwtug.org/instmem.html",
  lastaccessed = "May 27, 2017",
}

@online{CTANacmart,
  author =    {Boris Veytsman},
  title =  {acmart---{C}lass for typesetting publications of {ACM}},
  url =    {http://www.ctan.org/pkg/acmart},
  lastaccessed = {May 27, 2017}
  }

@ARTICLE{bowman:reasoning,
    author = {Bowman, Mic and Debray, Saumya K. and Peterson, Larry L.},
    title = {Reasoning About Naming Systems},
    journal = {ACM Trans. Program. Lang. Syst.},
    volume = {15},
    number = {5},
    pages = {795-825},
    month = {November},
    year = {1993},
    doi = {10.1145/161468.161471},
}

@ARTICLE{braams:babel,
    author = {Braams, Johannes},
    title = {Babel, a Multilingual Style-Option System for Use with LaTeX's Standard Document Styles},
    journal = {TUGboat},
    volume = {12},
    number = {2},
    pages = {291-301},
    month = {June},
    year = {1991},
}

@INPROCEEDINGS{clark:pct,
  AUTHOR = "Malcolm Clark",
  TITLE = "Post Congress Tristesse",
  BOOKTITLE = "TeX90 Conference Proceedings",
  PAGES = "84-89",
  ORGANIZATION = "TeX Users Group",
  MONTH = "March",
  YEAR = {1991}
}

@ARTICLE{herlihy:methodology,
    author = {Herlihy, Maurice},
    title = {A Methodology for Implementing Highly Concurrent Data Objects},
    journal = {ACM Trans. Program. Lang. Syst.},
    volume = {15},
    number = {5},
    pages = {745-770},
    month = {November},
    year = {1993},
    doi = {10.1145/161468.161469},
}

@BOOK{salas:calculus,
  AUTHOR = "S.L. Salas and Einar Hille",
  TITLE = "Calculus: One and Several Variable",
  PUBLISHER = "John Wiley and Sons",
  ADDRESS = "New York",
  YEAR = "1978"
}

@MANUAL{Fear05,
  title =        {Publication quality tables in {\LaTeX}},
  author =       {Simon Fear},
  month =        {April},
  year =         2005,
  note =         {\url{http://www.ctan.org/pkg/booktabs}}
}

@Manual{Amsthm15,
  title =        {Using the amsthm Package},
  organization = {American Mathematical Society},
  month =        {April},
  year =         2015,
  note =         {\url{http://www.ctan.org/pkg/amsthm}}
}

@ArtifactSoftware{R,
    title = {R: A Language and Environment for Statistical Computing},
    author = {{R Core Team}},
    organization = {R Foundation for Statistical Computing},
    address = {Vienna, Austria},
    year = {2019},
    url = {https://www.R-project.org/},
}

@ArtifactDataset{UMassCitations,
 author    =  {Sam Anzaroot and Andrew McCallum},
 title     =  {{UMass} Citation Field Extraction Dataset},
 year      = 2013,
 url       =
    {http://www.iesl.cs.umass.edu/data/data-umasscitationfield},
 lastaccessed = {May 27, 2019}
}


@Inbook{encyclopedia1,
author="He, Yihua
and Siganos, Georgos
and Faloutsos, Michalis",
title="Internet Topology",
bookTitle="Encyclopedia of Complexity and Systems Science",
year="2009",
publisher="Springer New York",
address="New York, NY",
pages="4930--4947",
isbn="978-0-387-30440-3",
DOI="10.1007/978-0-387-30440-3_293",
url="https://doi.org/10.1007/978-0-387-30440-3_293"
}

@Article{Donnet2007,
  author    = {Benoit Donnet and Timur Friedman},
  journal   = {{IEEE} Communications Surveys {\&} Tutorials},
  title     = {Internet topology discovery: a survey},
  year      = {2007},
  number    = {4},
  pages     = {56--69},
  volume    = {9},
  doi       = {10.1109/comst.2007.4444750},
  url       = {https://doi.org/10.1109/COMST.2007.4444750}
  publisher = {Institute of Electrical and Electronics Engineers ({IEEE})},
}

@article{zhang2005collecting,
  title={Collecting the Internet AS-level topology},
  author={Zhang, Beichuan and Liu, Raymond and Massey, Daniel and Zhang, Lixia},
  journal={ACM SIGCOMM Computer Communication Review},
  volume={35},
  number={1},
  pages={53--61},
  year={2005},
  publisher={ACM New York, NY, USA}
}

@inproceedings{peering1,
  title={Peering: An as for us},
  author={Schlinker, Brandon and Zarifis, Kyriakos and Cunha, Italo and Feamster, Nick and Katz-Bassett, Ethan},
  booktitle={Proceedings of the 13th ACM Workshop on Hot Topics in Networks},
  pages={1--7},
  year={2014}
}

@article{peering2,
  title={Modeling internet topology dynamics},
  author={Haddadi, Hamed and Uhlig, Steve and Moore, Andrew and Mortier, Richard and Rio, Miguel},
  journal={ACM SIGCOMM Computer Communication Review},
  volume={38},
  number={2},
  pages={65--68},
  year={2008},
  publisher={ACM New York, NY, USA}
}

@inproceedings{africanet1,
  title={Peering at the internet’s frontier: A first look at isp interconnectivity in africa},
  author={Gupta, Arpit and Calder, Matt and Feamster, Nick and Chetty, Marshini and Calandro, Enrico and Katz-Bassett, Ethan},
  booktitle={International Conference on Passive and Active Network Measurement},
  pages={204--213},
  year={2014},
  organization={Springer}
}

@misc{Africanp74:online,
author = {},
title = {African peering connectivity revealed via BGP route collectors - AFRINIC - Regional Internet Registry for Africa},
howpublished = {\url{https://afrinic.net/}},
month = {},
year = {},
note = {(Accessed on 09/21/2020)}
}

@misc{PeeringD7:online,
author = {},
title = {PeeringDB},
howpublished = {\url{https://www.peeringdb.com/}},
month = {},
year = {},
note = {(Accessed on 09/21/2020)}
}

@inproceedings{Africa2,
  title={Quantifying the effects of circuitous routes on the latency of intra-Africa internet traffic: a study of research and education networks},
  author={Chavula, Josiah and Feamster, Nick and Bagula, Antoine and Suleman, Hussein},
  booktitle={International Conference on e-Infrastructure and e-Services for Developing Countries},
  pages={64--73},
  year={2014},
  organization={Springer}
}

@inproceedings{activeProbing1,
  title={Topology discovery by active probing},
  author={Huffaker, Bradley and Plummer, Daniel and Moore, David and Claffy, KC},
  booktitle={Proceedings 2002 Symposium on Applications and the Internet (SAINT) Workshops},
  pages={90--96},
  year={2002},
  organization={IEEE}
}
@misc{RIPENetw33:online,
author = {},
title = {RIPE Network Coordination Centre},
howpublished = {\url{https://www.ripe.net/}},
month = {},
year = {},
note = {(Accessed on 09/21/2020)}
}

@article{threesources,
  title={The Internet AS-level topology: three data sources and one definitive metric},
  author={Mahadevan, Priya and Krioukov, Dmitri and Fomenkov, Marina and Dimitropoulos, Xenofontas and Claffy, KC and Vahdat, Amin},
  journal={ACM SIGCOMM Computer Communication Review},
  volume={36},
  number={1},
  pages={17--26},
  year={2006},
  publisher={ACM New York, NY, USA}
}


 
 @misc{caida,
author = {},
title = {CAIDA},
howpublished = {\url{https://www.caida.org/research/topology/astopo%20comparisons/}},
month = {},
year = {},
note = {(Accessed on 05/08/2020)}
}

@inproceedings{Africa3,
  title={On the diversity of interdomain routing in africa},
  author={Fanou, Rod{\'e}rick and Francois, Pierre and Aben, Emile},
  booktitle={International Conference on Passive and Active Network Measurement},
  pages={41--54},
  year={2015},
  organization={Springer}
}
@article{Africa4,
  title={Reshaping the African Internet: From scattered islands to a connected continent},
  author={Fanou, Rod{\'e}rick and Valera, Francisco and Francois, Pierre and Dhamdhere, Amogh},
  journal={Computer Communications},
  volume={113},
  pages={25--42},
  year={2017},
  publisher={Elsevier}
}

@inproceedings{Africa5,
  title={Mapping the african internet},
  author={Gilmore, J and Huysamen, N and Krzesinski, A},
  booktitle={Proceedings Southern African Telecommunication Networks and Applications Conference (SATNAC), Mauritius},
  year={2007},
  organization={Citeseer}
}

@article{simulation1,
  title={Difficulties in simulating the Internet},
  author={Floyd, Sally and Paxson, Vern},
  journal={IEEE/ACm Transactions on Networking},
  volume={9},
  number={4},
  pages={392--403},
  year={2001},
  publisher={IEEE}
}

@article{powerlaw,
  title={On power-law relationships of the internet topology},
  author={Faloutsos, Michalis and Faloutsos, Petros and Faloutsos, Christos},
  journal={ACM SIGCOMM computer communication review},
  volume={29},
  number={4},
  pages={251--262},
  year={1999},
  publisher={ACM New York, NY, USA}
}

@inproceedings{bless2002using,
  title={Using Realistic Internet Topology Data for Large Scale Network Simulations in OMNeT+},
  author={Bless, Roland},
  booktitle={2nd International OMNeT++ Workshop},
  year={2002}
}

@inproceedings{norton2001internet,
  title={Internet service providers and peering},
  author={Norton, William B},
  booktitle={Proceedings of NANOG},
  volume={19},
  pages={1--17},
  year={2001}
}

@misc{RouteVie25:online,
author = {},
title = {Route Views Archive Project Page},
howpublished = {\url{http://archive.routeviews.org/}},
month = {},
year = {},
note = {(Accessed on 05/03/2020)}
}

@misc{RoutingI65:online,
author = {},
title = {Routing Information Service (RIS) — RIPE Network Coordination Centre},
howpublished = {\url{https://www.ripe.net/analyse/internet-measurements/routing-information-service-ris}},
month = {},
year = {},
note = {(Accessed on 05/03/2020)}
}

@misc{IRRInter11:online,
author = {},
title = {IRR - Internet Routing Registry},
howpublished = {\url{http://www.irr.net/}},
month = {},
year = {},
note = {(Accessed on 05/03/2020)}
}
@misc{TheAfric21:online,
author = {},
title = {The African IXP Association | A member of the Internet eXchange Federation},
howpublished = {\url{https://www.af-ix.net/ixps-list}},
month = {},
year = {},
note = {(Accessed on 05/03/2020)}
}

@article{effectsofIXPS,
  title={The impact of IXPs on the AS-level topology structure of the Internet},
  author={Gregori, Enrico and Improta, Alessandro and Lenzini, Luciano and Orsini, Chiara},
  journal={Computer Communications},
  volume={34},
  number={1},
  pages={68--82},
  year={2011},
  publisher={Elsevier}
}

@article{simulation11,
  title={An Evaluation of Peering and Traffic Engineering in the Pan-African Research and Education Network: A case for SoftwFast
Network Simulation Setup tool chain(FNSS)are Defined Internet Exchange Points},
  author={Chavula, Josiah and Sibanda, Clifford CL},
  year={2014},
  publisher={UbuntuNet Alliance}
}

@inproceedings{Internetgraph,
  title={Hierarchical structure of the logical Internet graph},
  author={Ge, Zihui and Figueiredo, Daniel R and Jaiswal, Sharad and Gao, Lixin},
  booktitle={Scalability and Traffic Control in IP Networks},
  volume={4526},
  pages={208--222},
  year={2001},
  organization={International Society for Optics and Photonics}
}

@inproceedings{powerlaw2,
  title={The origin of power laws in Internet topologies revisited},
  author={Chen, Qian and Chang, Hyunseok and Govindan, Ramesh and Jamin, Sugih},
  booktitle={Proceedings. twenty-first annual joint conference of the ieee computer and communications societies},
  volume={2},
  pages={608--617},
  year={2002},
  organization={IEEE}
}

@misc{QualNetN23:online,
author = {},
title = {QualNet - Network Simulation Software | SCALABLE Networks},
howpublished = {\url{https://www.scalable-networks.com/products/qualnet-network-simulation-software-tool/}},
month = {},
year = {},
note = {(Accessed on 05/08/2020)}
}

@article{simulation2,
  title={A toolchain for simplifying network simulation setup.},
  author={Saino, Lorenzo and Cocora, Cosmin and Pavlou, George},
  journal={SimuTools},
  volume={13},
  pages={82--91},
  year={2013},
  publisher={Citeseer}
}

@inproceedings{ns3,
  title={NS-3: Network simulator 3},
  author={Carneiro, Gustavo},
  booktitle={UTM Lab Meeting April},
  volume={20},
  pages={4--5},
  year={2010}
}

@inproceedings{3architect,
  title={A distributed architecture for Internet router level topology discovering systems},
  author={Yu, Jiang and BinXing, Fang and MingZeng, Hu and HongLi, Zhang and XiaoChun, Yun},
  booktitle={Proceedings of the Fourth International Conference on Parallel and Distributed Computing, Applications and Technologies},
  pages={47--51},
  year={2003},
  organization={IEEE}
}

@misc{daigleverisign,
  title={VeriSign, inc.,“WHOIS Protocol Specification.”},
  author={Daigle, L}
}

@inproceedings{2018deep,
  title={Deep diving into africa's inter-country latencies},
  author={Formoso, Agustin and Chavula, Josiah and Phokeer, Amreesh and Sathiaseelan, Arjuna and Tyson, Gareth},
  booktitle={IEEE INFOCOM 2018-IEEE Conference on Computer Communications},
  pages={2231--2239},
  year={2018},
  organization={IEEE}
}

@inproceedings{ns23,
  title={Experiences with the ns-2 network simulator-explicitly setting seeds considered harmful},
  author={Umlauft, Martina and Reichl, Peter},
  booktitle={2007 Wireless Telecommunications Symposium},
  pages={1--5},
  year={2007},
  organization={IEEE}
}

@misc{JEDI:online,
author = {},
title = {IXP Country Jedi (Alpha) — RIPE Network Coordination Centre},
howpublished = {\url{https://www.ripe.net/analyse/internet-measurements/ixp-country-jedi}},
month = {},
year = {},
note = {(Accessed on 05/12/2020)}
}

@misc{AfricanR17:online,
author = {},
title = {African Route-collectors Data Analyzer},
howpublished = {\url{https://arda.af-ix.net/ARP/index.php?module=hors_connexion&action=Test2_3}},
month = {},
year = {},
note = {(Accessed on 05/12/2020)}
}

@article{fanou2019system,
  title={A system for profiling the IXPs in a region and monitoring their growth: Spotlight at the internet frontier},
  author={Fanou, Rod{\'e}rick and Sanchez-Ag{\"u}ero, Victor and Valera, Francisco and Mwangi, Michuki and Coffin, Jane},
  journal={International Journal of Network Management},
  volume={29},
  number={2},
  pages={e2056},
  year={2019},
  publisher={Wiley Online Library}
}

@misc{CreateMe38:online,
author = {},
title = {Create Measurements · RIPE Atlas API Manual v2},
howpublished = {\url{https://atlas.ripe.net/docs/api/v2/manual/measurements/types/}},
month = {},
year = {},
note = {(Accessed on 05/12/2020)}
}

%Internet Mapping: From Art to Science
@INPROCEEDINGS{ark,
  author={{Claffy}, K. and {Hyun}, Y. and {Keys}, K. and {Fomenkov}, M. and {Krioukov}, D.},
  booktitle={2009 Cybersecurity Applications   Technology Conference for Homeland Security}, 
  title={Internet Mapping: From Art to Science}, 
  year={2009},
  volume={},
  number={},
  pages={205-211},
  DOI = {https://doi.org/10.1109/CATCH.2009.38}
}

%Mapping the African Internet
@article{mapping,
    author = "Gilmore, J.S. and Huysamen, N.F. and Cronje, P. and de Klerk, M.C. and Krzesinski, A.E",
    title = "{Mapping the African Internet}. ({English})
    [{On} recreating and mapping the African network]",
    journal = "",
    volume = "",
    number = "",
    pages = "",
    year = "",
    DOI = "http://doi.or/10.1.1.584.1292",
    keywords = "networks"
}

%Resolving anonymous routers in the internet topology
@INPROCEEDINGS{anonymousRouters,
  author={{Gunes}, M. H. and {Sarac}, K.},
  booktitle={IEEE INFOCOM 2008 - The 27th Conference on Computer Communications}, 
  title={Resolving Anonymous Routers in Internet Topology Measurement Studies}, 
  year={2008},
  volume={},
  number={},
  pages={1076-1084},
  DOI = {https://doi.org/10.1109/INFOCOM.2008.162},
}

%How DNS Misnaming Distorts Internet Topology Mapping
@ARTICLE{misnaming,
  author={{Zhang}, M. and {Ruan}, Y. and {Pai}, V. and {Rexford}, J.},
  journal={}, 
  title={How DNS Misnaming Distorts Internet Topology Mapping}, 
  year={2006},
  volume={},
  number={},
  pages={369-374},
  DOI = {},
}

%Quantifying the Effects of Circuitous Routes on the Latency of Intra-Africa Internet Traffic:
@ARTICLE{circuitous,
  author="Chavula, J. and Feamster, N. and Bagula, A. and Suleman, H.",
  booktitle= {Lecture Notes of the Institute for Computer Sciences, Social Informatics and Telecommunications Engineering}, 
  title={Quantifying the Effects of Circuitous Routes on the Latency of Intra-Africa Internet Traffic: A Study of Research and Education Networks}, 
  year={2015},
  volume={147},
  number={},
  pages={64-73},
  DOI = {https://doi.org/10.1007/978-3-319-16886-9_7}
}

%Internet mapping: from art to science
@INPROCEEDINGS{ark,
  author={{Claffy}, K. and {Hyun}, Y. and {Keys}, K. and {Fomenkov}, M. and {Krioukov}, D.},
  booktitle={2009 Cybersecurity Applications   Technology Conference for Homeland Security}, 
  title={Internet Mapping: From Art to Science}, 
  year={2009},
  volume={},
  number={},
  pages={205-211},
  DOI = {https://doi.org/10.1109/CATCH.2009.38}
}

%Peering at the Internet’s Frontier: A First Look at ISP
@ARTICLE{peering,
  author= "Gupta, A. and Calder, M. and Feamster, N. and Chetty, M. and Calandro, E. and Katz-Bassett, E.",
  journal={},
  title={Peering at the Internet’s Frontier: A First Look at ISP Interconnectivity in Africa}, 
  year={2014},
  volume={8362},
  number={},
  pages={},
  DOI = "https://doi.org/10.1007/978-3-319-04918-2_20"
}

@misc{Caidarules:online,
author = {},
title = {Ethics of RIPE Atlas Measurements — RIPE Labs},
howpublished = {\url{https://labs.ripe.net/Members/kistel/ethics-of-ripe-atlas-measurements}},
month = {},
year = {},
note = {(Accessed on 05/29/2020)}
}

@inproceedings{openmeasurements,
  title={Open source platforms for Internet Monitoring and Measurement},
  author={Aceto, Giuseppe and Botta, Alessio and De Donato, Walter and Marchetta, Pietro and Pescap{\'e}, Antonio and Ventre, Giorgio},
  booktitle={2012 Eighth International Conference on Signal Image Technology and Internet Based Systems},
  pages={563--570},
  year={2012},
  organization={IEEE}
}
@article{surveyoninternetmeasurements,
  title={A survey on internet performance measurement platforms and related standardization efforts},
  author={Bajpai, Vaibhav and Sch{\"o}nw{\"a}lder, J{\"u}rgen},
  journal={IEEE Communications Surveys \& Tutorials},
  volume={17},
  number={3},
  pages={1313--1341},
  year={2015},
  publisher={IEEE}
}

@inproceedings{stateofinternet,
  title={State of internet measurement in Africa-A survey},
  author={Isah, Musab and Phokeer, Amreesh and Chavula, Josiah and Elmokashfi, Ahmed and Asrese, Alemnew Sheferaw},
  booktitle={International Conference on e-Infrastructure and e-Services for Developing Countries},
  pages={121--139},
  year={2019},
  organization={Springer}
}
@misc{speed:online,
author = {},
title = {SpeedChecker - Real World QoE Analytics for Telecoms and Regulators},
howpublished = {\url{https://www.speedchecker.com/}},
month = {},
year = {},
note = {(Accessed on 05/29/2020)}
}

@inproceedings{sanby2016efficient,
  title={Efficient topology discovery for African NRENs},
  author={Sanby, Roslyn and Suleman, Hussein and Chavula, Josiah},
  booktitle={2016 IST-Africa Week Conference},
  pages={1--8},
  year={2016},
  organization={IEEE}
}

@inproceedings{chavula2014quantifying,
  title={Quantifying the effects of circuitous routes on the latency of intra-Africa internet traffic: a study of research and education networks},
  author={Chavula, Josiah and Feamster, Nick and Bagula, Antoine and Suleman, Hussein},
  booktitle={International Conference on e-Infrastructure and e-Services for Developing Countries},
  pages={64--73},
  year={2014},
  organization={Springer}
}

@inproceedings{fanou2015diversity,
  title={On the diversity of interdomain routing in africa},
  author={Fanou, Rod{\'e}rick and Francois, Pierre and Aben, Emile},
  booktitle={International Conference on Passive and Active Network Measurement},
  pages={41--54},
  year={2015},
  organization={Springer}
}

@article{fanou2017four,
  title={Four years tracking unrevealed topological changes in the african interdomain},
  author={Fanou, Roderick and Francois, Pierre and Aben, Emile and Mwangi, Michuki and Goburdhan, Nishal and Valera, Francisco},
  journal={Computer Communications},
  volume={106},
  pages={117--135},
  year={2017},
  publisher={Elsevier}
}

@article{fanou2018exploring,
  title={Exploring and analysing the African Web ecosystem},
  author={Fanou, Rod{\'e}rick and Tyson, Gareth and Fernandes, Eder Leao and Francois, Pierre and Valera, Francisco and Sathiaseelan, Arjuna},
  journal={ACM Transactions on the Web (TWEB)},
  volume={12},
  number={4},
  pages={1--26},
  year={2018},
  publisher={ACM New York, NY, USA}
}







@inproceedings{Vanerio:2017:EAN:3098593.3098594,
    author = {Vanerio, Juan and Casas, Pedro},
    title = {Ensemble-learning Approaches for Network Security and Anomaly Detection},
    booktitle = {Proceedings of the Workshop on Big Data Analytics and Machine Learning for Data Communication Networks},
    series = {Big-DAMA '17},
    year = {2017},
    isbn = {978-1-4503-5054-9},
    location = {Los Angeles, CA, USA},
    pages = {1--6},
    numpages = {6},
    url = {http://doi.acm.org/10.1145/3098593.3098594},
    doi = {10.1145/3098593.3098594},
    acmid = {3098594},
    publisher = {ACM},
    address = {New York, NY, USA},
    keywords = {App Anomalies, Ensemble Learning, High-Dimensional Data, Machine Learning, Network Attacks, Super Learner},
}

@INPROCEEDINGS{8255998,
author = {P. { Casas } and J. { Vanerio } and K. { Fukuda }},
booktitle ={2017 13th International Conference on Network and Service Management (CNSM)},
title ={GML learning, a generic machine learning model for network measurements analysis},
year ={2017},
volume ={},
number ={},
pages ={1-9},
keywords ={Big Data;data analysis;Internet;learning (artificial intelligence);security of data;generic machine learning model;network measurements analysis;machine learning models;tailored approaches;deep-learning models;ensemble learning models;multiple network measurement problems;GML model;Super Learner model;network measurement applications;assorted network measurement problems;network attacks;single baseline models;GML Learning model;bagging;boosting ensemble learning;network measurement problems;silver bullet;big data analytics;network attack detection;network attack anomalies;Analytical models;Data models;Big Data;Predictive models;Bagging;Monitoring;Prediction algorithms;Big-Data;Network Traffic Monitoring and Analysis;Machine Learning;Ensemble Learning;Super Learning;Network Measurements},
doi ={10.23919/CNSM.2017.8255998},
ISSN ={2165-963X},
month ={Nov},
}

@article{Braem:2013:CRC:2500098.2500108,
author = {Braem, Bart and Blondia, Chris and Barz, Christoph and Rogge, Henning and Freitag, Felix and Navarro, Leandro and Bonicioli, Joseph and Papathanasiou, Stavros and Escrich, Pau and Baig Vi\~ {n } as, Roger and Kaplan, Aaron L. and Neumann, Axel and Vilata i Balaguer, Ivan and Tatum, Blaine and Matson, Malcolm},
title = {A Case for Research with and on Community Networks},
journal = {SIGCOMM Comput. Commun. Rev.},
issue_date = {July 2013},
volume = {43},
number = {3},
month = jul,
year = {2013},
issn = {0146-4833},
pages = {68--73},
numpages = {6},
url = {http://doi.acm.org/10.1145/2500098.2500108},
doi = {10.1145/2500098.2500108},
acmid = {2500108},
publisher = {ACM},
address = {New York, NY, USA},
keywords = {community networking},
}

@inproceedings{LoCigno:2014:UWC:2633661.2633669,
author = {Lo Cigno, Renato and Maccari, Leonardo},
title = {Urban Wireless Community Networks: Challenges and Solutions for Smart City Communications},
booktitle = {Proceedings of the 2014 ACM International Workshop on Wireless and Mobile Technologies for Smart Cities},
series = {WiMobCity '14},
year = {2014},
isbn = {978-1-4503-3036-7},
location = {Philadelphia, Pennsylvania, USA},
pages = {49--54},
numpages = {6},
url = {http://doi.acm.org/10.1145/2633661.2633669},
doi = {10.1145/2633661.2633669},
acmid = {2633669},
publisher = {ACM},
address = {New York, NY, USA},
keywords = {crowd design, participatory networking, smart urban environments, wireless community networks},
}

@inproceedings{Rameshan:2013:MSC:2508222.2512838,
author = {Rameshan, Navaneeth and Navarro, Leandro and Tsalouchidou, Ioanna},
title = {A Monitoring System for Community-lab},
booktitle = {Proceedings of the 11th ACM International Symposium on Mobility Management and Wireless Access},
series = {MobiWac '13},
year = {2013},
isbn = {978-1-4503-2355-0},
location = {Barcelona, Spain},
pages = {33--36},
numpages = {4},
url = {http://doi.acm.org/10.1145/2508222.2512838},
doi = {10.1145/2508222.2512838},
acmid = {2512838},
publisher = {ACM},
address = {New York, NY, USA},
keywords = {community-lab, monitoring, self-management, slice, sliver},
}

@online{guifi,
author = {lluis.dalmau},
title = {What is guifi.net?},
date = {07/06/2009 },
url = {http://guifi.net/en/what_is_guifinet},
}


@inproceedings{Braem:2015:AEQ:2830629.2830639,
author = {Braem, Bart and Bergs, Johan and Blondia, Chris and Navarro, Leandro and Wittevrongel, Sabine},
title = {Analysis of End-User QoE in Community Networks},
booktitle = {Proceedings of the 2015 Annual Symposium on Computing for Development},
series = {DEV '15},
year = {2015},
isbn = {978-1-4503-3490-7},
location = {London, United Kingdom},
pages = {159--166},
numpages = {8},
url = {http://doi.acm.org/10.1145/2830629.2830639},
doi = {10.1145/2830629.2830639},
acmid = {2830639},
publisher = {ACM},
address = {New York, NY, USA},
keywords = {community networks, quality of experience},
}

@INPROCEEDINGS{6462223,
author ={A. A. { Kist } and L. { Brodie }},
booktitle ={2012 Frontiers in Education Conference Proceedings},
title ={Quality of service, quality of experience and online learning},
year ={2012},
volume ={},
number ={},
pages ={1-6},
keywords ={computer aided instruction;engineering education;Internet;quality of experience;quality of service;quality of service;quality of experience;online learning;engineering education;face-to-face education;distance education;Internet connection;QoS;QoE;user experience;student learning task;remote access technology;student perception;Quality of service;Materials;Educational institutions;Context;Internet;Laboratories;online learning tools;quality of service;quality of experience;quality of learning experience performance;distance education},
doi ={10.1109/FIE.2012.\label { 6462223 }},
ISSN ={0190-5848},
month ={Oct},
}

@ARTICLE{8320771,
author ={P. { Micholia } and M. { Karaliopoulos } and I. { Koutsopoulos } and L. { Navarro } and R. { Baig Vias } and D. { Boucas } and M. { Michalis } and P. { Antoniadis }},
journal ={IEEE Communications Surveys Tutorials},
title ={Community Networks and Sustainability: A Survey of Perceptions, Practices, and Proposed Solutions},
year ={2018},
volume ={20},
number ={4},
pages ={3581-3606},
keywords ={Internet;Sustainable development;Telecommunications;Biological system modeling;Wireless communication;Economics;Broadband communication;Community networks;sustainability;incentive mechanisms},
doi ={10.1109/COMST.2018.2817686},
ISSN ={1553-877X},
month ={Fourthquarter},
}

@article{2015:TOG:2852375.2852741,
title = {A Technological Overview of the Guifi.Net Community Network},
journal = {Comput. Netw.},
issue_date = {December 2015},
volume = {93},
number = {P2},
month = dec,
year = {2015},
issn = {1389-1286},
pages = {260--278},
numpages = {19},
url = {http://dx.doi.org/10.1016/j.comnet.2015.09.023},
doi = {10.1016/j.comnet.2015.09.023},
acmid = {2852741},
publisher = {Elsevier North-Holland, Inc.},
address = {New York, NY, USA},
key = {{ $\!\!$ }} ,
}

@inproceedings{Selimi:2014:TAD:2723218.2723265,
author = {Selimi, Mennan and Freitag, Felix},
title = {Towards Application Deployment in Community Network Clouds},
booktitle = {Proceedings of the 14th International Conference on Computational Science and Its Applications \&\#151; ICCSA 2014 - Volume 8584},
year = {2014},
isbn = {978-3-319-09152-5},
pages = {614--627},
numpages = {14},
url = {https://doi.org/10.1007/978-3-319-09153-2_46},
doi = {10.1007/978-3-319-09153-2_46},
acmid = {2723265},
publisher = {Springer-Verlag},
address = {Berlin, Heidelberg},
keywords = {cloud storage, community cloud, community networks},
}

@article{Calyam:2015:RCF:2805789.2805795,
author = {Calyam, Prasad and Swany, Martin},
title = {Research Challenges in Future Multi-domain Network Performance Measurement and Monitoring},
journal = {SIGCOMM Comput. Commun. Rev.},
issue_date = {July 2015},
volume = {45},
number = {3},
month = jul,
year = {2015},
issn = {0146-4833},
pages = {29--34},
numpages = {6},
url = {http://doi.acm.org/10.1145/2805789.2805795},
doi = {10.1145/2805789.2805795},
acmid = {2805795},
publisher = {ACM},
address = {New York, NY, USA},
keywords = {future multi-domain network monitoring, next-generation measurement infrastructures, research challenges},
}

@INPROCEEDINGS{7523537,
author ={Ö. { Alay } and A. { Lutu } and R. { García } and M. { Peón-Quirós } and V. { Mancuso } and T. { Hirsch } and T. { Dely } and J. { Werme } and K. { Evensen } and A. { Hansen } and S. { Alfredsson } and J. { Karlsson } and A. { Brunstrom } and A. S. { Khatouni } and M. { Mellia } and M. A. { Marsan} and R. { Monno } and H. { Lonsethagen}},
booktitle ={2016 IEEE 17th International Symposium on A World of Wireless, Mobile and Multimedia Networks (WoWMoM)},
title ={Measuring and assessing mobile broadband networks with MONROE},
year ={2016},
volume ={},
number ={},
pages ={1-3},
keywords ={broadband networks;mobile communication;telecommunication traffic;mobile broadband networks;MONROE;MBB networks;communications infrastructure;multihomed MBB platform;MBB services;traffic analysis tools;real-time traffic flow analysis;Monitoring;Data visualization;Europe;Real-time systems;Metadata;Containers;Mobile communication},
doi ={10.1109/WoWMoM.2016.7523537},
ISSN ={},
month ={June},}

@ARTICLE{7076582,
author ={V. { Bajpai } and J. { Schönwälder }},
journal ={IEEE Communications Surveys Tutorials},
title ={A Survey on Internet Performance Measurement Platforms and Related Standardization Efforts},
year ={2015},
volume ={17},
number ={3},
pages ={1313-1341},
keywords ={computer network performance evaluation;Internet;telecommunication standards;Internet performance measurement platforms;standardization efforts;strategic locations;access network;backbone network;residential gateway;Probes;Extraterrestrial measurements;Broadband communication;Internet;Servers;Wireless communication;measurements;platforms;broadband;fixed-line;mobile;metrics;measurement-tools;standardization;Measurements;platforms;broadband;fixed-line;mobile;metrics;measurement-tools;standardization},
doi ={10.1109/COMST.2015.2418435},
ISSN ={1553-877X},
month ={thirdquarter},
}

@INPROCEEDINGS{8002921,
author ={A. { Schwind } and M. { Seufert } and Ö. { Alay } and P. { Casas } and P. { Tran-Gia } and F. { Wamser }},
booktitle ={2017 Network Traffic Measurement and Analysis Conference (TMA)},
title ={Concept and implementation of video QoE measurements in a mobile broadband testbed},
year ={2017},
volume ={},
number ={},
pages ={1-6},
keywords ={broadband networks;mobile computing;mobile radio;quality of experience;video streaming;video QoE measurements;mobile broadband testbed;MONROE testbed;MBB networks;distributed measurements;fixed nodes;mobile nodes;Internet services;user-centric perspective;quality of experience;YouTube video streaming;virtual end-user device;Streaming media;Monitoring;YouTube;Containers;Mobile communication;Tools;Distributed Active Measurements;Cellular Networks;QoE;YouTube Video Streaming;YoMo},
doi ={10.23919/TMA.2017.8002921},
ISSN ={},
month ={June},
}

@article{Ford:2018:RWR:3243157.3243167,
author = {Ford, Mat and Eggert, Lars},
title = {Report on the Workshop on Research and Applications of Internet Measurements (RAIM)},
journal = {SIGCOMM Comput. Commun. Rev.},
issue_date = {July 2016},
volume = {46},
number = {3},
month = jul,
year = {2018},
issn = {0146-4833},
pages = {10:1--10:4},
articleno = {10},
numpages = {4},
url = {http://doi.acm.org/10.1145/3243157.3243167},
doi = {10.1145/3243157.3243167},
acmid = {3243167},
publisher = {ACM},
address = {New York, NY, USA},
}

@InProceedings{10.1007/978-3-319-67235-9_9,
author = "Jiang, Junchen
	and Sekar, Vyas
	and Stoica, Ion
	and Zhang, Hui",
editor = "Sastry, Nishanth
	and Chakraborty, Sandip",
title = "Unleashing the Potential of Data-Driven Networking",
booktitle = "Communication Systems and Networks",
year ="2017",
publisher = "Springer International Publishing",
address = "Cham",
pages = "110--126",
abstract = "The last few years have witnessed the coming of age of data-driven paradigm in various aspects of computing (partly) empowered by advances in distributed system research (cloud computing, MapReduce, etc.). In this paper, we observe that the benefits can flow the opposite direction: the design and management of networked systems can be improved by data-driven paradigm. To this end, we present DDN, a new design framework for network protocols based on data-driven paradigm. We argue that DDN has the potential to significantly achieve better performance through harnessing more data than one single flow. Furthermore, we systematize existing instantiations of DDN by creating a unified framework for DDN, and use the framework to shed light on the common challenges and reusable design principles. We believe that by systematizing this paradigm as a broader community, we can unleash the unharnessed potential of DDN.",
isbn ="978-3-319-67235-9"
}

@article{Shepard:2011:LMW:1925019.1925023,
author = {Shepard, Clayton and Rahmati, Ahmad and Tossell, Chad and Zhong, Lin and Kortum, Phillip},
title = {LiveLab: Measuring Wireless Networks and Smartphone Users in the Field},
journal = {SIGMETRICS Perform. Eval. Rev.},
issue_date = {December 2010},
volume = {38},
number = {3},
month = jan,
year = {2011},
issn = {0163-5999},
pages = {15--20},
numpages = {6},
url = {http://doi.acm.org/10.1145/1925019.1925023},
doi = {10.1145/1925019.1925023},
acmid = {1925023},
publisher = {ACM},
address = {New York, NY, USA},
}

@inproceedings{Jiang:2017:PED:3154630.3154662,
author = {Jiang, Junchen and Sun, Shijie and Sekar, Vyas and Zhang, Hui},
title = {Pytheas: Enabling Data-driven Quality of Experience Optimization Using Group-based Exploration-exploitation},
booktitle = {Proceedings of the 14th USENIX Conference on Networked Systems Design and Implementation},
series = {NSDI'17},
year = {2017},
isbn = {978-1-931971-37-9},
location = {Boston, MA, USA},
pages = {393--406},
numpages = {14},
url = {http://dl.acm.org/citation.cfm?id=3154630.3154662},
acmid = {3154662},
publisher = {USENIX Association},
address = {Berkeley, CA, USA},
}

@misc{ruan_miao_xiang_zhang_2018,
title ={Big network traffic data visualization}, url ={https://link.springer.com/article/10.1007/s11042-017-5495-y}, journal ={SpringerLink},
publisher ={Springer US},
author ={Ruan, Zichan and Miao, Yuantian and Xiang, Yang and Zhang, Jun}, year ={2018},
month ={Apr}}

@article{Bajpai:2015:LLU:2805789.2805796,
author = {Bajpai, Vaibhav and Eravuchira, Steffie Jacob and Sch\" { o} nw\" { a } lder, J\" { u }rgen},
title = {Lessons Learned From Using the RIPE Atlas Platform for Measurement Research},
journal = {SIGCOMM Comput. Commun. Rev.},
issue_date = {July 2015},
volume = {45},
number = {3},
month = jul,
year = {2015},
issn = {0146-4833},
pages = {35--42},
numpages = {8},
url = {http://doi.acm.org/10.1145/2805789.2805796},
doi = {10.1145/2805789.2805796},
acmid = {2805796},
publisher = {ACM},
address = {New York, NY, USA},
keywords = {access networks, ripe atlas},
}

@article{Dovrolis:2010:MLO:1823844.1823853,
author = {Dovrolis, Constantine and Gummadi, Krishna and Kuzmanovic, Aleksandar and Meinrath, Sascha D.},
title = {Measurement Lab: Overview and an Invitation to the Research Community},
journal = {SIGCOMM Comput. Commun. Rev.},
issue_date = {July 2010},
volume = {40},
number = {3},
month = jun,
year = {2010},
issn = {0146-4833},
pages = {53--56},
numpages = {4},
url = {http://doi.acm.org/10.1145/1823844.1823853},
doi = {10.1145/1823844.1823853},
acmid = {1823853},
publisher = {ACM},
address = {New York, NY, USA},
keywords = {broadband internet access, network measurement, network neutrality},
}

@inproceedings{Wang:2015:MMA:2757290.2757291,
author = {Wang, Ting-Yu and Jin, Haiming and Nahrstedt, Klara},
title = {mAuditor: Mobile Auditing Framework for mHealth Applications},
booktitle = {Proceedings of the 2015 Workshop on Pervasive Wireless Healthcare},
series = {MobileHealth '15},
year = {2015},
isbn = {978-1-4503-3525-6},
location = {Hangzhou, China},
pages = {7--12},
numpages = {6},
url = {http://doi.acm.org/10.1145/2757290.2757291},
doi = {10.1145/2757290.2757291},
acmid = {2757291},
publisher = {ACM},
address = {New York, NY, USA},
keywords = {auditing, mobile health applications},
}

@article{DBLP:journals/corr/abs-1012-2832,
author = {Ahmad Rahmati and
	Lin Zhong},
title = {A Longitudinal Study of Non-Voice Mobile Phone Usage by Teens from
	an Underserved Urban Community},
journal = {CoRR},
volume = {abs/1012.2832},
year = {2010},
url = {http://arxiv.org/abs/1012.2832},
archivePrefix = {arXiv},
eprint = {1012.2832},
timestamp = {Mon, 13 Aug 2018 16:47:20 +0200},
biburl = {https://dblp.org/rec/bib/journals/corr/abs-1012-2832},
bibsource = {dblp computer science bibliography, https://dblp.org}
}

@book{soldani_book,
author = {Soldani, D and Li, M and Cuny, R},
year = {2006},
month = {11},
pages = {3},
title = {QoS and QoE Management in UMTS Cellular Systems},
doi = {10.1002/9780470034057}
}

@article{nosql_dbs,
author = {Nayak, A and Poriya, A and Poojary, Dikshay},
year = {2013},
month = {01},
pages = {16-19},
title = {Article: Type of nosql databases and its comparison with relational databases},
volume = {5},
journal = {International Journal of Applied Information Systems}
}

@misc{zenzeleni.net, title ={Zenzeleni.net}, url ={http://zenzeleni.net/}, journal ={Zenzeleni.net}}

@misc{inethi_technologies, title ={iNethi Project}, url ={https://www.inethi.org.za/about/}, journal ={iNethi Technologies}}

@misc{mobiperf, title ={The M-Lab MobiPerf Data Set}, url ={https://www.measurementlab.net/tests/mobiperf/}, journal ={MobiPerf}}

@ARTICLE{1204373,
    author ={L. { Williams } and A. { Cockburn }},
    journal ={Computer},
    title ={Agile software development: it's about feedback and change},
    year ={2003},
    volume ={36},
    number ={6},
    pages ={39-43},
    keywords ={Feedback;Robotic assembly;Collaborative software;Software tools;Documentation;Dynamic programming;Automotive engineering;Customer satisfaction;Flexible manufacturing systems;Collaborative tools},
    doi ={10.1109/MC.2003.1204373},
    ISSN ={0018-9162},
    month ={June},
}

@inproceedings{RTTT,
  title={Measuring round trip times to determine the distance between WLAN nodes},
  author={G{\"u}nther, Andr{\'e} and Hoene, Christian},
  booktitle={International conference on research in networking},
  pages={768--779},
  year={2005},
  organization={Springer}
}

@inproceedings{lanning2014dijkstra,
  title={Dijkstra's algorithm and Google maps},
  author={Lanning, Daniel R and Harrell, Gregory K and Wang, Jin},
  booktitle={Proceedings of the 2014 ACM Southeast Regional Conference},
  pages={1--3},
  year={2014}
}